<record><leader>00000cas a2200000 a 4500</leader><controlfield tag="001">17165571</controlfield><controlfield tag="008">871203d19261970iludn ne      0   a0eng c</controlfield><datafield ind1=" " ind2=" " tag="010"><subfield code="a">sn 87056733 </subfield></datafield><datafield ind1=" " ind2=" " tag="040"><subfield code="a">NPI</subfield><subfield code="b">eng</subfield><subfield code="c">NPI</subfield><subfield code="d">NVF</subfield><subfield code="d">CNK</subfield><subfield code="d">NVF</subfield><subfield code="d">CVF</subfield><subfield code="d">NVF</subfield><subfield code="d">OCLCF</subfield><subfield code="d">NVF</subfield><subfield code="d">OCLCO</subfield><subfield code="d">NVF</subfield></datafield><datafield ind1=" " ind2=" " tag="042"><subfield code="a">pcc</subfield></datafield><datafield ind1=" " ind2=" " tag="043"><subfield code="a">n-us-il</subfield></datafield><datafield ind1="0" ind2="4" tag="245"><subfield code="a">The Elgin courier-news.</subfield></datafield><datafield ind1="3" ind2=" " tag="246"><subfield code="a">Elgin courier news.</subfield></datafield><datafield ind1=" " ind2=" " tag="260"><subfield code="a">Elgin, Ill. :</subfield><subfield code="b">Elgin Courier-News Pub. Co.,</subfield><subfield code="c">1926-1970.</subfield></datafield><datafield ind1=" " ind2=" " tag="300"><subfield code="a">volumes</subfield></datafield><datafield ind1=" " ind2=" " tag="310"><subfield code="a">Daily (except Sunday)</subfield></datafield><datafield ind1="0" ind2=" " tag="362"><subfield code="a">Jan. 2, 1926-v. 96, no. 62 (Mar. 14, 1970)</subfield></datafield><datafield ind1=" " ind2=" " tag="530"><subfield code="3">Jan. 2, 1926-Mar. 14, 1970</subfield><subfield code="a">available on microfilm;</subfield><subfield code="b">University of Chicago Library Department of Photographic Reproduction.</subfield></datafield><datafield ind1=" " ind2=" " tag="580"><subfield code="a">Formed by the union of: Elgin daily news and: Elgin daily courier.</subfield></datafield><datafield ind1=" " ind2="0" tag="651"><subfield code="a">Elgin (Ill.)</subfield><subfield code="v">Newspapers.</subfield></datafield><datafield ind1=" " ind2="7" tag="651"><subfield code="a">Illinois</subfield><subfield code="z">Elgin.</subfield><subfield code="2">fast</subfield><subfield code="0">(OCoLC)fst01212719</subfield></datafield><datafield ind1=" " ind2="7" tag="655"><subfield code="a">Newspapers.</subfield><subfield code="2">fast</subfield><subfield code="0">(OCoLC)fst01423814</subfield></datafield><datafield ind1=" " ind2=" " tag="752"><subfield code="a">United States</subfield><subfield code="b">Illinois</subfield><subfield code="c">Kane County</subfield><subfield code="d">Elgin.</subfield></datafield><datafield ind1="0" ind2="8" tag="776"><subfield code="i">Microfilm version:</subfield><subfield code="t">Elgin courier-news</subfield><subfield code="w">(DLC)  2014271534</subfield><subfield code="w">(OCoLC)34179038</subfield></datafield><datafield ind1="1" ind2="4" tag="780"><subfield code="t">Elgin daily news</subfield><subfield code="w">(DLC)sn 95068666</subfield><subfield code="w">(OCoLC)32898273</subfield></datafield><datafield ind1="1" ind2="4" tag="780"><subfield code="t">Elgin daily courier</subfield><subfield code="w">(DLC)sn 87056733</subfield><subfield code="w">(OCoLC)17165571</subfield></datafield><datafield ind1="0" ind2="0" tag="785"><subfield code="t">Daily courier-news (Elgin, Ill.)</subfield><subfield code="w">(DLC)sn 94054375</subfield><subfield code="w">(OCoLC)30209766</subfield></datafield><datafield ind1="1" ind2=" " tag="029"><subfield code="a">AU@</subfield><subfield code="b">000020507232</subfield></datafield></record>